@article{mainPresentation,
  author  = "José A. Mesejo Chiong, Ángela M. León Mecías",
  title   = "Heterogeneidad espacial en modelos epidemiológicos (Metapoblaciones)",
  journal = "",
  year    = "2023",
}
@article{ball2015seven,
  title={Seven challenges for metapopulation models of epidemics, including households models},
  author={Ball, Frank and Britton, Tom and House, Thomas and Isham, Valerie and Mollison, Denis and Pellis, Lorenzo and Tomba, Gianpaolo Scalia},
  journal={Epidemics},
  volume={10},
  pages={63--67},
  year={2015},
  publisher={Elsevier}
}
@article{citron2021comparing,
  title={Comparing metapopulation dynamics of infectious diseases under different models of human movement},
  author={Citron, Daniel T and Guerra, Carlos A and Dolgert, Andrew J and Wu, Sean L and Henry, John M and S{\'a}nchez C, H{\'e}ctor M and Smith, David L},
  journal={Proceedings of the National Academy of Sciences},
  volume={118},
  number={18},
  pages={e2007488118},
  year={2021},
  publisher={National Acad Sciences}
}
@article{mishra2017network,
  title={A network model for control of dengue epidemic using sterile insect technique},
  author={Mishra, Arti and Ambrosio, Benjamin and Gakkhar, Sunita and Aziz-Alaoui, MA},
  journal={Mathematical Biosciences \& Engineering},
  volume={15},
  number={2},
  pages={441--460},
  year={2017},
  publisher={Mathematical Biosciences \& Engineering}
}
@article{medeiros2011modeling,
  title={Modeling the dynamic transmission of dengue fever: investigating disease persistence},
  author={Medeiros, L{\'\i}liam C{\'e}sar de Castro and Castilho, Cesar Augusto Rodrigues and Braga, Cynthia and de Souza, Wayner Vieira and Regis, Leda and Monteiro, Antonio Miguel Vieira},
  journal={PLOS neglected tropical diseases},
  volume={5},
  number={1},
  pages={e942},
  year={2011},
  publisher={Public Library of Science San Francisco, USA}
}
@article{guinovart2021multi,
  title={Multi-population analysis of the Cuban SARS-CoV-2 epidemic transmission before and during the vaccination process},
  author={Guinovart-Sanju{\'a}n, D and Guinovart-D{\'\i}az, R and Vajravelu, K and Morales-Lezca, W and Abell{\'o}-Ugalde, I},
  journal={Physics of Fluids},
  volume={33},
  number={10},
  year={2021},
  publisher={AIP Publishing}
}
@article{li2022geographical,
  title={The geographical distribution and influencing factors of COVID-19 in China},
  author={Li, Weiwei and Zhang, Ping and Zhao, Kaixu and Zhao, Sidong},
  journal={Tropical Medicine and Infectious Disease},
  volume={7},
  number={3},
  pages={45},
  year={2022},
  publisher={MDPI}
}